@inbook{Kamei:1995,
  author = "Taylor B N and Kuyatt C. E.",
  title = "NIST Technical Note",
  publisher = "National Institute of Standards and Technology",
  address = "Gaithersburg",
  year = 1995
}

@book{Montgomery:2005,
  author = "D. C. Montgomery",
  title = "Design and Analysis of Experiments",
  publisher = "Jon Wiley \& Sons",
  edition = 6,
  year = 2005
}

@book{Graybill:1994,
  author = "F. A. Graybill and H. K. Iyer",
  title = "Regression Analysis: Concepts and Applications",
  publisher = "Duxbury Pr",
  year = 1994
}

@book{Atkinson:1987,
  author = "A. C. Atkinson",
  title = "Transformation and Regression",
  publisher = "Oxford Statistical Science Series",
  year = 1987
}